<?xml version="1.0" encoding="UTF-8"?><collection xmlns="http://www.loc.gov/MARC21/slim"><record><leader>00671nam--2200217-u-4500</leader><controlfield tag="001">000053318</controlfield><controlfield tag="002">20161230</controlfield><controlfield tag="005">20161230201051</controlfield><controlfield tag="008">110311s1000------------r-----000-0-eng-d</controlfield><datafield ind1=" " ind2=" " tag="020"><subfield code="a">0521597005</subfield></datafield><datafield ind1=" " ind2=" " tag="040"><subfield code="a">IFIN-HH</subfield></datafield><datafield ind1=" " ind2=" " tag="080"><subfield code="a">519.4/5</subfield></datafield><datafield ind1="1" ind2=" " tag="100"><subfield code="a">Azcarraga, Jose A. De</subfield></datafield><datafield ind1="1" ind2="0" tag="245"><subfield code="a">Lie groups, lie algebras, cohomology and some applications in physics</subfield><subfield code="c">Jose a. de azcarraga; jose m. izquierdo</subfield></datafield><datafield ind1=" " ind2=" " tag="260"><subfield code="a">Cambridge</subfield><subfield code="b">Cambridge University Press</subfield><subfield code="c">1995</subfield></datafield><datafield ind1=" " ind2=" " tag="300"><subfield code="a">455P</subfield></datafield><datafield ind1=" " ind2=" " tag="490"><subfield code="a">Cambridge Monographs On Mathematical Physics</subfield></datafield><datafield ind1=" " ind2="4" tag="650"><subfield code="a">Mathematical Physics</subfield></datafield><datafield ind1="1" ind2=" " tag="700"><subfield code="a">Izquierdo, Jose M</subfield></datafield><datafield ind1=" " ind2=" " tag="852"><subfield code="a">81362</subfield><subfield code="c">519.4/5</subfield></datafield><datafield ind1=" " ind2=" " tag="CAT"><subfield code="a">Sys</subfield><subfield code="c">20110311</subfield><subfield code="h">120951</subfield></datafield></record></collection>